@ONLINE{wiki:onlinebanking,
  author = "{Wikipedia contributers}",
  title = "Online banking",
  cited = "25.\,12.\,2011",
  year =   2011,
  url = "http://en.wikipedia.org/wiki/Online_banking"
}

@ONLINE{banking_history,
  author = "{Ross Bainbridge}",
  title = "History of Online Banking",
  cited = "25.\,12.\,2011",
  year =   2011,
  url = "http://ezinearticles.com/?History-of-Online-Banking&id=270075"
}

@Misc{IBM09,
  author = "Xu Ming Chen and Shan Jian Hong and Shao Yu",
  title = "Next generation banking with Web 2.0",
  note = "",
  year = 2009
}

@Book{NHib09,
  author    = "P. H. Kuat√© and Tobin Harris and Christian Bauer and Gavin King",
  title     = "NHibernate in Action",
  publisher = "Manning Publications",
  address   = "20 Baldwin Road, Shelter Island, NY",
  edition   = "1st",
  year      =  2009,
}

@Book{MsArch09,
  author    = "J. D. Meier and A. Homer and collective",
  title     = "Microsoft Application Architecture Guide",
  publisher = "Microsoft",
  edition   = "2nd",
  year      =  2009,
}

@Book{ContractsManual,
  author    = "{Microsoft}",
  title     = "Code Contracts User Manual",
  publisher = "Microsoft",
  year      =  2011,
}

@Article{Sebastiani02,
  author = "Fabrizio Sebastiani",
  title  = "Machine Learning in Automated Text Categorization",
  journal= "ACM Computing Surveys",
  volume =   34,
  number =    1,
  year   = 2002,
}

@Article{XHemali09,
  author = "Daniela Xhemali and Christopher J. Hinde and Roger G. Stone",
  title  = "Naive Bayes vs. Decission Trees vs. Neural Networks in the Classification of Training Web Pages",
  journal= "International Journal of Computer Science Issues",
  volume =   4,
  number =    1,
  year   = 2009,
}

@ONLINE{OAuth11,
  author = "E. Hammer-Lahav and D. Recordon and D. Hardt",
  title = "The OAuth 2.0 Authorization Protocol draft-ietf-oauth-v2-22",
  cited = "12.\,12.\,2011",
  year =   2011,
  url = "http://tools.ietf.org/html/draft-ietf-oauth-v2-22"
}

@ONLINE{wiki:ORM,
  author = "{Wikipedia contributers}",
  title = "Object-relational mapping",
  cited = "25.\,12.\,2011",
  year =   2011,
  url = "http://en.wikipedia.org/wiki/Object-relational_mapping"
}

@ONLINE{wiki:naiveBayes,
  author = "{Wikipedia contributers}",
  title = "Naive Bayes classifier",
  cited = "12.\,12.\,2011",
  year =   2011,
  url = "http://en.wikipedia.org/wiki/Naive_Bayes_classifier"
}

@ONLINE{wiki:hmac,
  author = "{Wikipedia contributers}",
  title = "Hash-based Message Authentication Code",
  cited = "12.\,12.\,2011",
  year =   2011,
  url = "http://en.wikipedia.org/wiki/HMAC"
}

@ONLINE{wiki:acceptance,
  author = "{Wikipedia contributers}",
  title = "Acceptance testing",
  cited = "13.\,12.\,2011",
  year =   2011,
  url = "http://en.wikipedia.org/wiki/Acceptance_testing"
}

@Article{Patil10,
  author = "Patil A.M. and Kolhe S.R. and Patil P.M.",
  title  = "2D Face Recognition Techniques: A Survey",
  journal= "International Journal of Machine Intelligence",
  volume =   2,
  number =    1,
  year   = 2010,
}

@Article{Kyungnam01,
  author = "Kyungnam Kim",
  title  = "Face Recognition using Principal Component Analysis",
  year   = 2001,
}

@Article{Hem08,
  author = "B. Hemery and J.Mahier and M. Pasquet and C. Rosenberger",
  title  = "Face Authentication For Banking",
  journal= "First International Conference on Advances in Computer Human Interaction",
  volume =   10,
  number =    8,
  year   = 2008,
}

@Article{Wilson06,
  author = "Phillip Ian Wilson and John Fernandez",
  title  = "Facial Feature Detection Using Haar Classifiers",
  journal= "Journal of Computing Sciences in Colleges",
  volume =   21,
  number =    4,
  year   = 2006,
}

@Article{Meyer92,
  author = "Bertrand Meyer",
  title  = "Applying Desing by Contract",
  journal= "Computer",
  volume =   25,
  number =    10,
  year   = 1992,
}

@ONLINE{opencv:facedetection,
  author = "{OpenCV wikipedia contributors}",
  title = "Face Detection using OpenCV",
  cited = "18.\,12.\,2011",
  year =   2011,
  url = "http://opencv.willowgarage.com/wiki/FaceDetection"
}

@ONLINE{opencv:facedetection,
  author = "{OpenCV wikipedia contributors}",
  title = "Face Detection using OpenCV",
  cited = "18.\,12.\,2011",
  year =   2011,
  url = "http://opencv.willowgarage.com/wiki/FaceDetection"
}

@ONLINE{azureblob,
  author = "{Windows Azure Storage blog contributers}",
  title = "Windows Azure Storage Abstractions and their Scalability Targets",
  cited = "23.\,12.\,2011",
  year =   2010,
  url = "http://blogs.msdn.com/b/windowsazurestorage/archive/2010/05/10/windows-azure-storage-abstractions-and-their-scalability-targets.aspx"
}


@InProceedings{Viola01,
  author    = "Paul Viola and Michael Jones",
  title     = "Rapid Object Detection using Boosted Cascade of Simple Features",
  booktitle = "Processings of IEEE International Conference on Computer Vision",
  pages     = "511-518",
  year      =  2001
}


@InProceedings{Tillman08,
  author    = "Nikolai Tillmann and Jonathan De Halleux",
  title     = "Pex: white box test generation for .NET",
  booktitle = "Proceedings of the 2nd international conference on Tests and proofs",
  year      =  2008
}





